<marcxml:record xmlns:xlink="http://www.w3.org/1999/xlink" xmlns:marcxml="http://www.loc.gov/MARC21/slim" xmlns:rdf="http://www.w3.org/1999/02/22-rdf-syntax-ns#" xmlns:madsrdf="http://www.loc.gov/mads/rdf/v1#" xmlns:ri="http://id.loc.gov/ontologies/RecordInfo#" xmlns:xsi="http://www.w3.org/2001/XMLSchema-instance" xmlns:mets="http://www.loc.gov/METS/" xmlns:idx="info:lc/xq-modules/lcindex" xmlns:bfidx="info:lc/xq-modules/bfidx" xmlns:semtriples="http://marklogic.com/semantic" xmlns:bf="http://id.loc.gov/ontologies/bibframe/" xmlns:bflc="http://id.loc.gov/ontologies/bflc/" xmlns:bfsimple="http://id.loc.gov/ontologies/bfsimple/" xmlns:dcterms="http://purl.org/dc/terms/">
<marcxml:leader>00277cz a2200121n 4500</marcxml:leader>
<marcxml:controlfield tag="001">sh85044160</marcxml:controlfield>
<marcxml:controlfield tag="003">DLC</marcxml:controlfield>
<marcxml:controlfield tag="005">20110204103438.0</marcxml:controlfield>
<marcxml:controlfield tag="008">860211|| anannbabn |a ana </marcxml:controlfield>
<marcxml:datafield tag="010" ind1=" " ind2=" ">
<marcxml:subfield code="a">sh 85044160 </marcxml:subfield>
</marcxml:datafield>
<marcxml:datafield tag="040" ind1=" " ind2=" ">
<marcxml:subfield code="a">DLC</marcxml:subfield>
<marcxml:subfield code="c">DLC</marcxml:subfield>
<marcxml:subfield code="d">DLC</marcxml:subfield>
</marcxml:datafield>
<marcxml:datafield tag="150" ind1=" " ind2=" ">
<marcxml:subfield code="a">Envelopes (Stationery)</marcxml:subfield>
</marcxml:datafield>
<marcxml:datafield tag="550" ind1=" " ind2=" ">
<marcxml:subfield code="w">g</marcxml:subfield>
<marcxml:subfield code="a">Stationery</marcxml:subfield>
</marcxml:datafield>
</marcxml:record>
